%YAML 1.1
%TAG !u! tag:unity3d.com,2011:
--- !u!1 &3244143566716694854
GameObject:
  m_ObjectHideFlags: 0
  m_CorrespondingSourceObject: {fileID: 0}
  m_PrefabInstance: {fileID: 0}
  m_PrefabAsset: {fileID: 0}
  serializedVersion: 6
  m_Component:
  - component: {fileID: 3244143566716694853}
  - component: {fileID: 3244143566716694852}
  m_Layer: 0
  m_Name: AudioManager
  m_TagString: Untagged
  m_Icon: {fileID: 0}
  m_NavMeshLayer: 0
  m_StaticEditorFlags: 0
  m_IsActive: 1
--- !u!4 &3244143566716694853
Transform:
  m_ObjectHideFlags: 0
  m_CorrespondingSourceObject: {fileID: 0}
  m_PrefabInstance: {fileID: 0}
  m_PrefabAsset: {fileID: 0}
  m_GameObject: {fileID: 3244143566716694854}
  m_LocalRotation: {x: -0, y: -0, z: -0, w: 1}
  m_LocalPosition: {x: -0.4883316, y: -2.3091326, z: -6.109193}
  m_LocalScale: {x: 1, y: 1, z: 1}
  m_ConstrainProportionsScale: 0
  m_Children: []
  m_Father: {fileID: 3244143566837359517}
  m_RootOrder: 0
  m_LocalEulerAnglesHint: {x: 0, y: 0, z: 0}
--- !u!114 &3244143566716694852
MonoBehaviour:
  m_ObjectHideFlags: 0
  m_CorrespondingSourceObject: {fileID: 0}
  m_PrefabInstance: {fileID: 0}
  m_PrefabAsset: {fileID: 0}
  m_GameObject: {fileID: 3244143566716694854}
  m_Enabled: 1
  m_EditorHideFlags: 0
  m_Script: {fileID: 11500000, guid: 7bf71adb86ce6904da79103cd04bcb95, type: 3}
  m_Name: 
  m_EditorClassIdentifier: 
  sonidos:
  - Nombre: Pop
    ClipSonido: {fileID: 8300000, guid: 6d43ccca38d764241ac8126324507160, type: 3}
    Volumen: 1
    pitch: 1
    repetir: 0
    FuenteAudio: {fileID: 0}
  - Nombre: Grab
    ClipSonido: {fileID: 8300000, guid: 311e282a575e5734eaff83d94d9992dc, type: 3}
    Volumen: 1
    pitch: 1
    repetir: 0
    FuenteAudio: {fileID: 0}
  - Nombre: Door
    ClipSonido: {fileID: 8300000, guid: a17a86ed2cb5eca4ea2ab6af17a2dd30, type: 3}
    Volumen: 1
    pitch: 1
    repetir: 0
    FuenteAudio: {fileID: 0}
  - Nombre: Transition1
    ClipSonido: {fileID: 8300000, guid: 0faf7d88775df834fb5fb44af741ac3b, type: 3}
    Volumen: 0.561
    pitch: 1
    repetir: 0
    FuenteAudio: {fileID: 0}
  - Nombre: Aparicion
    ClipSonido: {fileID: 8300000, guid: 50b2905e9b7af2c4d92954b78bdefdf4, type: 3}
    Volumen: 1
    pitch: 1
    repetir: 0
    FuenteAudio: {fileID: 0}
  - Nombre: Narrador
    ClipSonido: {fileID: 8300000, guid: 0ff19fe60b3df0241965938bb86c322d, type: 3}
    Volumen: 1
    pitch: 1
    repetir: 1
    FuenteAudio: {fileID: 0}
  - Nombre: Machine
    ClipSonido: {fileID: 8300000, guid: 4eb98c803dda2da4abf82b323ffdeb08, type: 3}
    Volumen: 1
    pitch: 1
    repetir: 0
    FuenteAudio: {fileID: 0}
  - Nombre: Yellow
    ClipSonido: {fileID: 8300000, guid: b05c9c8f43dfab34bb3c8dcd6fa1886d, type: 3}
    Volumen: 0.703
    pitch: 1
    repetir: 1
    FuenteAudio: {fileID: 0}
  - Nombre: Toilet
    ClipSonido: {fileID: 8300000, guid: 9b618fe00ef28c649a25950604ea6aeb, type: 3}
    Volumen: 1
    pitch: 1
    repetir: 0
    FuenteAudio: {fileID: 0}
  - Nombre: Splash
    ClipSonido: {fileID: 8300000, guid: 976570129d91b0c45a75bdb1162ebedc, type: 3}
    Volumen: 1
    pitch: 1
    repetir: 0
    FuenteAudio: {fileID: 0}
--- !u!1 &3244143566837359518
GameObject:
  m_ObjectHideFlags: 0
  m_CorrespondingSourceObject: {fileID: 0}
  m_PrefabInstance: {fileID: 0}
  m_PrefabAsset: {fileID: 0}
  serializedVersion: 6
  m_Component:
  - component: {fileID: 3244143566837359517}
  m_Layer: 0
  m_Name: ---------------                                      MANAGERS
  m_TagString: Untagged
  m_Icon: {fileID: 0}
  m_NavMeshLayer: 0
  m_StaticEditorFlags: 0
  m_IsActive: 1
--- !u!4 &3244143566837359517
Transform:
  m_ObjectHideFlags: 0
  m_CorrespondingSourceObject: {fileID: 0}
  m_PrefabInstance: {fileID: 0}
  m_PrefabAsset: {fileID: 0}
  m_GameObject: {fileID: 3244143566837359518}
  m_LocalRotation: {x: 0, y: 0, z: 0, w: 1}
  m_LocalPosition: {x: 0, y: 0, z: 0}
  m_LocalScale: {x: 1, y: 1, z: 1}
  m_ConstrainProportionsScale: 0
  m_Children:
  - {fileID: 3244143566716694853}
  - {fileID: 3244143567540877423}
  - {fileID: 3244143567513160028}
  m_Father: {fileID: 0}
  m_RootOrder: 0
  m_LocalEulerAnglesHint: {x: 0, y: 0, z: 0}
--- !u!1 &3244143567513160029
GameObject:
  m_ObjectHideFlags: 0
  m_CorrespondingSourceObject: {fileID: 0}
  m_PrefabInstance: {fileID: 0}
  m_PrefabAsset: {fileID: 0}
  serializedVersion: 6
  m_Component:
  - component: {fileID: 3244143567513160028}
  - component: {fileID: 3244143567513160019}
  m_Layer: 0
  m_Name: AnimatorManager
  m_TagString: Untagged
  m_Icon: {fileID: 0}
  m_NavMeshLayer: 0
  m_StaticEditorFlags: 0
  m_IsActive: 1
--- !u!4 &3244143567513160028
Transform:
  m_ObjectHideFlags: 0
  m_CorrespondingSourceObject: {fileID: 0}
  m_PrefabInstance: {fileID: 0}
  m_PrefabAsset: {fileID: 0}
  m_GameObject: {fileID: 3244143567513160029}
  m_LocalRotation: {x: 0, y: 0, z: 0, w: 1}
  m_LocalPosition: {x: 0, y: 0, z: 0}
  m_LocalScale: {x: 1, y: 1, z: 1}
  m_ConstrainProportionsScale: 0
  m_Children: []
  m_Father: {fileID: 3244143566837359517}
  m_RootOrder: 2
  m_LocalEulerAnglesHint: {x: 0, y: 0, z: 0}
--- !u!114 &3244143567513160019
MonoBehaviour:
  m_ObjectHideFlags: 0
  m_CorrespondingSourceObject: {fileID: 0}
  m_PrefabInstance: {fileID: 0}
  m_PrefabAsset: {fileID: 0}
  m_GameObject: {fileID: 3244143567513160029}
  m_Enabled: 1
  m_EditorHideFlags: 0
  m_Script: {fileID: 11500000, guid: 11e44aa4aa7a09948bafb0018f163654, type: 3}
  m_Name: 
  m_EditorClassIdentifier: 
  animator1: {fileID: 0}
  animator2: {fileID: 0}
--- !u!1 &3244143567540877416
GameObject:
  m_ObjectHideFlags: 0
  m_CorrespondingSourceObject: {fileID: 0}
  m_PrefabInstance: {fileID: 0}
  m_PrefabAsset: {fileID: 0}
  serializedVersion: 6
  m_Component:
  - component: {fileID: 3244143567540877423}
  - component: {fileID: 3244143567540877422}
  m_Layer: 0
  m_Name: GameManager
  m_TagString: Untagged
  m_Icon: {fileID: 0}
  m_NavMeshLayer: 0
  m_StaticEditorFlags: 0
  m_IsActive: 1
--- !u!4 &3244143567540877423
Transform:
  m_ObjectHideFlags: 0
  m_CorrespondingSourceObject: {fileID: 0}
  m_PrefabInstance: {fileID: 0}
  m_PrefabAsset: {fileID: 0}
  m_GameObject: {fileID: 3244143567540877416}
  m_LocalRotation: {x: 0, y: 0, z: 0, w: 1}
  m_LocalPosition: {x: 0, y: 0, z: 0}
  m_LocalScale: {x: 1, y: 1, z: 1}
  m_ConstrainProportionsScale: 0
  m_Children: []
  m_Father: {fileID: 3244143566837359517}
  m_RootOrder: 1
  m_LocalEulerAnglesHint: {x: 0, y: 0, z: 0}
--- !u!114 &3244143567540877422
MonoBehaviour:
  m_ObjectHideFlags: 0
  m_CorrespondingSourceObject: {fileID: 0}
  m_PrefabInstance: {fileID: 0}
  m_PrefabAsset: {fileID: 0}
  m_GameObject: {fileID: 3244143567540877416}
  m_Enabled: 1
  m_EditorHideFlags: 0
  m_Script: {fileID: 11500000, guid: 7853bf75225c04a41a33bd1b80c522df, type: 3}
  m_Name: 
  m_EditorClassIdentifier: 
