%YAML 1.1
%TAG !u! tag:unity3d.com,2011:
--- !u!1 &1558594018621870117
GameObject:
  m_ObjectHideFlags: 0
  m_CorrespondingSourceObject: {fileID: 0}
  m_PrefabInstance: {fileID: 0}
  m_PrefabAsset: {fileID: 0}
  serializedVersion: 6
  m_Component:
  - component: {fileID: 1558594018621870299}
  - component: {fileID: 1558594018621870296}
  - component: {fileID: 1558594018621870297}
  - component: {fileID: 1558594018621870118}
  - component: {fileID: 1558594018621870119}
  - component: {fileID: 1558594018621870116}
  - component: {fileID: 1558594018621870298}
  m_Layer: 0
  m_Name: jugador
  m_TagString: Player
  m_Icon: {fileID: 0}
  m_NavMeshLayer: 0
  m_StaticEditorFlags: 0
  m_IsActive: 1
--- !u!4 &1558594018621870299
Transform:
  m_ObjectHideFlags: 0
  m_CorrespondingSourceObject: {fileID: 0}
  m_PrefabInstance: {fileID: 0}
  m_PrefabAsset: {fileID: 0}
  m_GameObject: {fileID: 1558594018621870117}
  m_LocalRotation: {x: -0, y: -0, z: -0, w: 1}
  m_LocalPosition: {x: -4.59, y: 0.2262, z: 0.186}
  m_LocalScale: {x: 1, y: 1.1501876, z: 1}
  m_ConstrainProportionsScale: 0
  m_Children:
  - {fileID: 1558594020349540243}
  - {fileID: 1558594020311513008}
  m_Father: {fileID: 1558594019982032216}
  m_RootOrder: 0
  m_LocalEulerAnglesHint: {x: 0, y: 0, z: 0}
--- !u!33 &1558594018621870296
MeshFilter:
  m_ObjectHideFlags: 0
  m_CorrespondingSourceObject: {fileID: 0}
  m_PrefabInstance: {fileID: 0}
  m_PrefabAsset: {fileID: 0}
  m_GameObject: {fileID: 1558594018621870117}
  m_Mesh: {fileID: 10208, guid: 0000000000000000e000000000000000, type: 0}
--- !u!23 &1558594018621870297
MeshRenderer:
  m_ObjectHideFlags: 0
  m_CorrespondingSourceObject: {fileID: 0}
  m_PrefabInstance: {fileID: 0}
  m_PrefabAsset: {fileID: 0}
  m_GameObject: {fileID: 1558594018621870117}
  m_Enabled: 1
  m_CastShadows: 1
  m_ReceiveShadows: 1
  m_DynamicOccludee: 1
  m_StaticShadowCaster: 0
  m_MotionVectors: 1
  m_LightProbeUsage: 1
  m_ReflectionProbeUsage: 1
  m_RayTracingMode: 2
  m_RayTraceProcedural: 0
  m_RenderingLayerMask: 1
  m_RendererPriority: 0
  m_Materials:
  - {fileID: 2100000, guid: 31321ba15b8f8eb4c954353edc038b1d, type: 2}
  m_StaticBatchInfo:
    firstSubMesh: 0
    subMeshCount: 0
  m_StaticBatchRoot: {fileID: 0}
  m_ProbeAnchor: {fileID: 0}
  m_LightProbeVolumeOverride: {fileID: 0}
  m_ScaleInLightmap: 1
  m_ReceiveGI: 1
  m_PreserveUVs: 0
  m_IgnoreNormalsForChartDetection: 0
  m_ImportantGI: 0
  m_StitchLightmapSeams: 1
  m_SelectedEditorRenderState: 3
  m_MinimumChartSize: 4
  m_AutoUVMaxDistance: 0.5
  m_AutoUVMaxAngle: 89
  m_LightmapParameters: {fileID: 0}
  m_SortingLayerID: 0
  m_SortingLayer: 0
  m_SortingOrder: 0
  m_AdditionalVertexStreams: {fileID: 0}
--- !u!136 &1558594018621870118
CapsuleCollider:
  m_ObjectHideFlags: 0
  m_CorrespondingSourceObject: {fileID: 0}
  m_PrefabInstance: {fileID: 0}
  m_PrefabAsset: {fileID: 0}
  m_GameObject: {fileID: 1558594018621870117}
  m_Material: {fileID: 0}
  m_IsTrigger: 0
  m_Enabled: 1
  m_Radius: 0.21
  m_Height: 2
  m_Direction: 1
  m_Center: {x: 0, y: 0, z: 0}
--- !u!54 &1558594018621870119
Rigidbody:
  m_ObjectHideFlags: 0
  m_CorrespondingSourceObject: {fileID: 0}
  m_PrefabInstance: {fileID: 0}
  m_PrefabAsset: {fileID: 0}
  m_GameObject: {fileID: 1558594018621870117}
  serializedVersion: 2
  m_Mass: 1
  m_Drag: 0
  m_AngularDrag: 0.05
  m_UseGravity: 1
  m_IsKinematic: 0
  m_Interpolate: 0
  m_Constraints: 112
  m_CollisionDetection: 0
--- !u!114 &1558594018621870116
MonoBehaviour:
  m_ObjectHideFlags: 0
  m_CorrespondingSourceObject: {fileID: 0}
  m_PrefabInstance: {fileID: 0}
  m_PrefabAsset: {fileID: 0}
  m_GameObject: {fileID: 1558594018621870117}
  m_Enabled: 1
  m_EditorHideFlags: 0
  m_Script: {fileID: 11500000, guid: f08355e8157e3704889c22e8630c8e72, type: 3}
  m_Name: 
  m_EditorClassIdentifier: 
  v_mov: 5
--- !u!114 &1558594018621870298
MonoBehaviour:
  m_ObjectHideFlags: 0
  m_CorrespondingSourceObject: {fileID: 0}
  m_PrefabInstance: {fileID: 0}
  m_PrefabAsset: {fileID: 0}
  m_GameObject: {fileID: 1558594018621870117}
  m_Enabled: 1
  m_EditorHideFlags: 0
  m_Script: {fileID: 11500000, guid: 085657eda1c19d944a0d7263aa66d96c, type: 3}
  m_Name: 
  m_EditorClassIdentifier: 
  alturaDeSalto: 7
  body: {fileID: 1558594018621870119}
--- !u!1 &1558594019982032217
GameObject:
  m_ObjectHideFlags: 0
  m_CorrespondingSourceObject: {fileID: 0}
  m_PrefabInstance: {fileID: 0}
  m_PrefabAsset: {fileID: 0}
  serializedVersion: 6
  m_Component:
  - component: {fileID: 1558594019982032216}
  - component: {fileID: 1558594019982032219}
  m_Layer: 0
  m_Name: Player
  m_TagString: Untagged
  m_Icon: {fileID: 0}
  m_NavMeshLayer: 0
  m_StaticEditorFlags: 0
  m_IsActive: 1
--- !u!4 &1558594019982032216
Transform:
  m_ObjectHideFlags: 0
  m_CorrespondingSourceObject: {fileID: 0}
  m_PrefabInstance: {fileID: 0}
  m_PrefabAsset: {fileID: 0}
  m_GameObject: {fileID: 1558594019982032217}
  m_LocalRotation: {x: -0, y: -0, z: -0, w: 1}
  m_LocalPosition: {x: -2.58, y: 1.41, z: 0.03}
  m_LocalScale: {x: 1, y: 1, z: 1}
  m_ConstrainProportionsScale: 0
  m_Children:
  - {fileID: 1558594018621870299}
  m_Father: {fileID: 0}
  m_RootOrder: 0
  m_LocalEulerAnglesHint: {x: 0, y: 0, z: 0}
--- !u!65 &1558594019982032219
BoxCollider:
  m_ObjectHideFlags: 0
  m_CorrespondingSourceObject: {fileID: 0}
  m_PrefabInstance: {fileID: 0}
  m_PrefabAsset: {fileID: 0}
  m_GameObject: {fileID: 1558594019982032217}
  m_Material: {fileID: 0}
  m_IsTrigger: 1
  m_Enabled: 1
  serializedVersion: 2
  m_Size: {x: 1.2505863, y: 1.8292927, z: 1.1597738}
  m_Center: {x: 0.105618596, y: 0.41464633, z: 0.07988703}
--- !u!1 &1558594020311513009
GameObject:
  m_ObjectHideFlags: 0
  m_CorrespondingSourceObject: {fileID: 0}
  m_PrefabInstance: {fileID: 0}
  m_PrefabAsset: {fileID: 0}
  serializedVersion: 6
  m_Component:
  - component: {fileID: 1558594020311513008}
  m_Layer: 0
  m_Name: PickedItems
  m_TagString: Untagged
  m_Icon: {fileID: 0}
  m_NavMeshLayer: 0
  m_StaticEditorFlags: 0
  m_IsActive: 1
--- !u!4 &1558594020311513008
Transform:
  m_ObjectHideFlags: 0
  m_CorrespondingSourceObject: {fileID: 0}
  m_PrefabInstance: {fileID: 0}
  m_PrefabAsset: {fileID: 0}
  m_GameObject: {fileID: 1558594020311513009}
  m_LocalRotation: {x: -0, y: -0, z: -0, w: 1}
  m_LocalPosition: {x: 4.59, y: -0.19666356, z: -0.186}
  m_LocalScale: {x: 1, y: 0.86942333, z: 1}
  m_ConstrainProportionsScale: 0
  m_Children:
  - {fileID: 2795568596134049647}
  - {fileID: 3853093604101713311}
  - {fileID: 2148260722710829664}
  - {fileID: 7812113053898159646}
  - {fileID: 2879594805876286986}
  - {fileID: 2795568596560816900}
  m_Father: {fileID: 1558594018621870299}
  m_RootOrder: 1
  m_LocalEulerAnglesHint: {x: 0, y: 0, z: 0}
--- !u!1 &1558594020349540254
GameObject:
  m_ObjectHideFlags: 0
  m_CorrespondingSourceObject: {fileID: 0}
  m_PrefabInstance: {fileID: 0}
  m_PrefabAsset: {fileID: 0}
  serializedVersion: 6
  m_Component:
  - component: {fileID: 1558594020349540243}
  - component: {fileID: 1558594020349540240}
  - component: {fileID: 1558594020349540241}
  - component: {fileID: 1558594020349540242}
  - component: {fileID: 1558594020349540245}
  m_Layer: 0
  m_Name: Main Camera
  m_TagString: MainCamera
  m_Icon: {fileID: 0}
  m_NavMeshLayer: 0
  m_StaticEditorFlags: 0
  m_IsActive: 1
--- !u!4 &1558594020349540243
Transform:
  m_ObjectHideFlags: 0
  m_CorrespondingSourceObject: {fileID: 0}
  m_PrefabInstance: {fileID: 0}
  m_PrefabAsset: {fileID: 0}
  m_GameObject: {fileID: 1558594020349540254}
  m_LocalRotation: {x: -0, y: -0, z: -0, w: 1}
  m_LocalPosition: {x: 0.02699995, y: 0.65, z: 0.07}
  m_LocalScale: {x: 1, y: 1, z: 0.68566}
  m_ConstrainProportionsScale: 0
  m_Children: []
  m_Father: {fileID: 1558594018621870299}
  m_RootOrder: 0
  m_LocalEulerAnglesHint: {x: 0, y: 0, z: 0}
--- !u!20 &1558594020349540240
Camera:
  m_ObjectHideFlags: 0
  m_CorrespondingSourceObject: {fileID: 0}
  m_PrefabInstance: {fileID: 0}
  m_PrefabAsset: {fileID: 0}
  m_GameObject: {fileID: 1558594020349540254}
  m_Enabled: 1
  serializedVersion: 2
  m_ClearFlags: 1
  m_BackGroundColor: {r: 0.19215687, g: 0.3019608, b: 0.4745098, a: 0}
  m_projectionMatrixMode: 1
  m_GateFitMode: 2
  m_FOVAxisMode: 0
  m_SensorSize: {x: 36, y: 24}
  m_LensShift: {x: 0, y: 0}
  m_FocalLength: 50
  m_NormalizedViewPortRect:
    serializedVersion: 2
    x: 0
    y: 0
    width: 1
    height: 1
  near clip plane: 0.3
  far clip plane: 1000
  field of view: 60
  orthographic: 0
  orthographic size: 5
  m_Depth: -1
  m_CullingMask:
    serializedVersion: 2
    m_Bits: 4294967295
  m_RenderingPath: -1
  m_TargetTexture: {fileID: 0}
  m_TargetDisplay: 0
  m_TargetEye: 3
  m_HDR: 1
  m_AllowMSAA: 1
  m_AllowDynamicResolution: 0
  m_ForceIntoRT: 0
  m_OcclusionCulling: 1
  m_StereoConvergence: 10
  m_StereoSeparation: 0.022
--- !u!81 &1558594020349540241
AudioListener:
  m_ObjectHideFlags: 0
  m_CorrespondingSourceObject: {fileID: 0}
  m_PrefabInstance: {fileID: 0}
  m_PrefabAsset: {fileID: 0}
  m_GameObject: {fileID: 1558594020349540254}
  m_Enabled: 1
--- !u!114 &1558594020349540242
MonoBehaviour:
  m_ObjectHideFlags: 0
  m_CorrespondingSourceObject: {fileID: 0}
  m_PrefabInstance: {fileID: 0}
  m_PrefabAsset: {fileID: 0}
  m_GameObject: {fileID: 1558594020349540254}
  m_Enabled: 1
  m_EditorHideFlags: 0
  m_Script: {fileID: 11500000, guid: a79441f348de89743a2939f4d699eac1, type: 3}
  m_Name: 
  m_EditorClassIdentifier: 
  m_RenderShadows: 1
  m_RequiresDepthTextureOption: 2
  m_RequiresOpaqueTextureOption: 2
  m_CameraType: 0
  m_Cameras: []
  m_RendererIndex: -1
  m_VolumeLayerMask:
    serializedVersion: 2
    m_Bits: 1
  m_VolumeTrigger: {fileID: 0}
  m_VolumeFrameworkUpdateModeOption: 2
  m_RenderPostProcessing: 1
  m_Antialiasing: 0
  m_AntialiasingQuality: 2
  m_StopNaN: 0
  m_Dithering: 0
  m_ClearDepth: 1
  m_AllowXRRendering: 1
  m_RequiresDepthTexture: 0
  m_RequiresColorTexture: 0
  m_Version: 2
--- !u!114 &1558594020349540245
MonoBehaviour:
  m_ObjectHideFlags: 0
  m_CorrespondingSourceObject: {fileID: 0}
  m_PrefabInstance: {fileID: 0}
  m_PrefabAsset: {fileID: 0}
  m_GameObject: {fileID: 1558594020349540254}
  m_Enabled: 1
  m_EditorHideFlags: 0
  m_Script: {fileID: 11500000, guid: 50c407618a79fc24eb12654436f6153e, type: 3}
  m_Name: 
  m_EditorClassIdentifier: 
  sensibilidad: 5
  suavizado: 2
--- !u!1001 &1558594018412137191
PrefabInstance:
  m_ObjectHideFlags: 0
  serializedVersion: 2
  m_Modification:
    m_TransformParent: {fileID: 1558594020311513008}
    m_Modifications:
    - target: {fileID: 374289202576707483, guid: 78df1db2fbc8ec64f949fac0c05bf693,
        type: 3}
      propertyPath: m_Name
      value: KeyPicked
      objectReference: {fileID: 0}
    - target: {fileID: 2093443782267337543, guid: 78df1db2fbc8ec64f949fac0c05bf693,
        type: 3}
      propertyPath: m_Materials.Array.data[0]
      value: 
      objectReference: {fileID: 2100000, guid: 76035b65a0f66ce41b105fde2f759f9b, type: 2}
    - target: {fileID: 3705028537381535112, guid: 78df1db2fbc8ec64f949fac0c05bf693,
        type: 3}
      propertyPath: m_RootOrder
      value: 0
      objectReference: {fileID: 0}
    - target: {fileID: 3705028537381535112, guid: 78df1db2fbc8ec64f949fac0c05bf693,
        type: 3}
      propertyPath: m_LocalScale.x
      value: 2.6465511
      objectReference: {fileID: 0}
    - target: {fileID: 3705028537381535112, guid: 78df1db2fbc8ec64f949fac0c05bf693,
        type: 3}
      propertyPath: m_LocalScale.y
      value: 2.6465507
      objectReference: {fileID: 0}
    - target: {fileID: 3705028537381535112, guid: 78df1db2fbc8ec64f949fac0c05bf693,
        type: 3}
      propertyPath: m_LocalScale.z
      value: 3.1359
      objectReference: {fileID: 0}
    - target: {fileID: 3705028537381535112, guid: 78df1db2fbc8ec64f949fac0c05bf693,
        type: 3}
      propertyPath: m_LocalPosition.x
      value: -4.165
      objectReference: {fileID: 0}
    - target: {fileID: 3705028537381535112, guid: 78df1db2fbc8ec64f949fac0c05bf693,
        type: 3}
      propertyPath: m_LocalPosition.y
      value: 0.3860761
      objectReference: {fileID: 0}
    - target: {fileID: 3705028537381535112, guid: 78df1db2fbc8ec64f949fac0c05bf693,
        type: 3}
      propertyPath: m_LocalPosition.z
      value: 0.568
      objectReference: {fileID: 0}
    - target: {fileID: 3705028537381535112, guid: 78df1db2fbc8ec64f949fac0c05bf693,
        type: 3}
      propertyPath: m_LocalRotation.w
      value: 0.704927
      objectReference: {fileID: 0}
    - target: {fileID: 3705028537381535112, guid: 78df1db2fbc8ec64f949fac0c05bf693,
        type: 3}
      propertyPath: m_LocalRotation.x
      value: 0.055478975
      objectReference: {fileID: 0}
    - target: {fileID: 3705028537381535112, guid: 78df1db2fbc8ec64f949fac0c05bf693,
        type: 3}
      propertyPath: m_LocalRotation.y
      value: 0.055478975
      objectReference: {fileID: 0}
    - target: {fileID: 3705028537381535112, guid: 78df1db2fbc8ec64f949fac0c05bf693,
        type: 3}
      propertyPath: m_LocalRotation.z
      value: 0.704927
      objectReference: {fileID: 0}
    - target: {fileID: 3705028537381535112, guid: 78df1db2fbc8ec64f949fac0c05bf693,
        type: 3}
      propertyPath: m_LocalEulerAnglesHint.x
      value: 0
      objectReference: {fileID: 0}
    - target: {fileID: 3705028537381535112, guid: 78df1db2fbc8ec64f949fac0c05bf693,
        type: 3}
      propertyPath: m_LocalEulerAnglesHint.y
      value: 9
      objectReference: {fileID: 0}
    - target: {fileID: 3705028537381535112, guid: 78df1db2fbc8ec64f949fac0c05bf693,
        type: 3}
      propertyPath: m_LocalEulerAnglesHint.z
      value: 90
      objectReference: {fileID: 0}
    m_RemovedComponents:
    - {fileID: 4097195505043946274, guid: 78df1db2fbc8ec64f949fac0c05bf693, type: 3}
  m_SourcePrefab: {fileID: 100100000, guid: 78df1db2fbc8ec64f949fac0c05bf693, type: 3}
--- !u!4 &2795568596134049647 stripped
Transform:
  m_CorrespondingSourceObject: {fileID: 3705028537381535112, guid: 78df1db2fbc8ec64f949fac0c05bf693,
    type: 3}
  m_PrefabInstance: {fileID: 1558594018412137191}
  m_PrefabAsset: {fileID: 0}
--- !u!1001 &1558594018990088882
PrefabInstance:
  m_ObjectHideFlags: 0
  serializedVersion: 2
  m_Modification:
    m_TransformParent: {fileID: 1558594020311513008}
    m_Modifications:
    - target: {fileID: 332269838916680330, guid: f73615bb65e17e14c898b312d27522ee,
        type: 3}
      propertyPath: m_IsTrigger
      value: 1
      objectReference: {fileID: 0}
    - target: {fileID: 1402865671927679746, guid: f73615bb65e17e14c898b312d27522ee,
        type: 3}
      propertyPath: m_IsTrigger
      value: 1
      objectReference: {fileID: 0}
    - target: {fileID: 4091122418150558085, guid: f73615bb65e17e14c898b312d27522ee,
        type: 3}
      propertyPath: m_IsTrigger
      value: 1
      objectReference: {fileID: 0}
    - target: {fileID: 6479487695151059119, guid: f73615bb65e17e14c898b312d27522ee,
        type: 3}
      propertyPath: m_Name
      value: BrokenKeyPartPicked
      objectReference: {fileID: 0}
    - target: {fileID: 8776124164474492076, guid: f73615bb65e17e14c898b312d27522ee,
        type: 3}
      propertyPath: m_RootOrder
      value: 3
      objectReference: {fileID: 0}
    - target: {fileID: 8776124164474492076, guid: f73615bb65e17e14c898b312d27522ee,
        type: 3}
      propertyPath: m_LocalScale.x
      value: 0.34172115
      objectReference: {fileID: 0}
    - target: {fileID: 8776124164474492076, guid: f73615bb65e17e14c898b312d27522ee,
        type: 3}
      propertyPath: m_LocalScale.y
      value: -0.1105243
      objectReference: {fileID: 0}
    - target: {fileID: 8776124164474492076, guid: f73615bb65e17e14c898b312d27522ee,
        type: 3}
      propertyPath: m_LocalScale.z
      value: 0.17160626
      objectReference: {fileID: 0}
    - target: {fileID: 8776124164474492076, guid: f73615bb65e17e14c898b312d27522ee,
        type: 3}
      propertyPath: m_LocalPosition.x
      value: -4.177
      objectReference: {fileID: 0}
    - target: {fileID: 8776124164474492076, guid: f73615bb65e17e14c898b312d27522ee,
        type: 3}
      propertyPath: m_LocalPosition.y
      value: 0.2141
      objectReference: {fileID: 0}
    - target: {fileID: 8776124164474492076, guid: f73615bb65e17e14c898b312d27522ee,
        type: 3}
      propertyPath: m_LocalPosition.z
      value: 0.66881
      objectReference: {fileID: 0}
    - target: {fileID: 8776124164474492076, guid: f73615bb65e17e14c898b312d27522ee,
        type: 3}
      propertyPath: m_LocalRotation.w
      value: 1
      objectReference: {fileID: 0}
    - target: {fileID: 8776124164474492076, guid: f73615bb65e17e14c898b312d27522ee,
        type: 3}
      propertyPath: m_LocalRotation.x
      value: -0
      objectReference: {fileID: 0}
    - target: {fileID: 8776124164474492076, guid: f73615bb65e17e14c898b312d27522ee,
        type: 3}
      propertyPath: m_LocalRotation.y
      value: -0
      objectReference: {fileID: 0}
    - target: {fileID: 8776124164474492076, guid: f73615bb65e17e14c898b312d27522ee,
        type: 3}
      propertyPath: m_LocalRotation.z
      value: -0
      objectReference: {fileID: 0}
    - target: {fileID: 8776124164474492076, guid: f73615bb65e17e14c898b312d27522ee,
        type: 3}
      propertyPath: m_LocalEulerAnglesHint.x
      value: 0
      objectReference: {fileID: 0}
    - target: {fileID: 8776124164474492076, guid: f73615bb65e17e14c898b312d27522ee,
        type: 3}
      propertyPath: m_LocalEulerAnglesHint.y
      value: 0
      objectReference: {fileID: 0}
    - target: {fileID: 8776124164474492076, guid: f73615bb65e17e14c898b312d27522ee,
        type: 3}
      propertyPath: m_LocalEulerAnglesHint.z
      value: 0
      objectReference: {fileID: 0}
    - target: {fileID: 9070475013942287595, guid: f73615bb65e17e14c898b312d27522ee,
        type: 3}
      propertyPath: m_IsTrigger
      value: 1
      objectReference: {fileID: 0}
    m_RemovedComponents: []
  m_SourcePrefab: {fileID: 100100000, guid: f73615bb65e17e14c898b312d27522ee, type: 3}
--- !u!1 &5497486370933682717 stripped
GameObject:
  m_CorrespondingSourceObject: {fileID: 6479487695151059119, guid: f73615bb65e17e14c898b312d27522ee,
    type: 3}
  m_PrefabInstance: {fileID: 1558594018990088882}
  m_PrefabAsset: {fileID: 0}
--- !u!65 &1558594018990088884
BoxCollider:
  m_ObjectHideFlags: 0
  m_CorrespondingSourceObject: {fileID: 0}
  m_PrefabInstance: {fileID: 0}
  m_PrefabAsset: {fileID: 0}
  m_GameObject: {fileID: 5497486370933682717}
  m_Material: {fileID: 0}
  m_IsTrigger: 1
  m_Enabled: 1
  serializedVersion: 2
  m_Size: {x: 1, y: 1, z: 1}
  m_Center: {x: 0, y: 0, z: 0}
--- !u!4 &7812113053898159646 stripped
Transform:
  m_CorrespondingSourceObject: {fileID: 8776124164474492076, guid: f73615bb65e17e14c898b312d27522ee,
    type: 3}
  m_PrefabInstance: {fileID: 1558594018990088882}
  m_PrefabAsset: {fileID: 0}
--- !u!1001 &1558594019115734668
PrefabInstance:
  m_ObjectHideFlags: 0
  serializedVersion: 2
  m_Modification:
    m_TransformParent: {fileID: 1558594020311513008}
    m_Modifications:
    - target: {fileID: 374289202576707483, guid: 78df1db2fbc8ec64f949fac0c05bf693,
        type: 3}
      propertyPath: m_Name
      value: GreyKey
      objectReference: {fileID: 0}
    - target: {fileID: 2093443782267337543, guid: 78df1db2fbc8ec64f949fac0c05bf693,
        type: 3}
      propertyPath: m_Materials.Array.data[0]
      value: 
      objectReference: {fileID: 2100000, guid: bcd01116df9ede34d831dc7ff3f5540e, type: 2}
    - target: {fileID: 3705028537381535112, guid: 78df1db2fbc8ec64f949fac0c05bf693,
        type: 3}
      propertyPath: m_RootOrder
      value: 5
      objectReference: {fileID: 0}
    - target: {fileID: 3705028537381535112, guid: 78df1db2fbc8ec64f949fac0c05bf693,
        type: 3}
      propertyPath: m_LocalScale.x
      value: 2.6465511
      objectReference: {fileID: 0}
    - target: {fileID: 3705028537381535112, guid: 78df1db2fbc8ec64f949fac0c05bf693,
        type: 3}
      propertyPath: m_LocalScale.y
      value: 2.6465507
      objectReference: {fileID: 0}
    - target: {fileID: 3705028537381535112, guid: 78df1db2fbc8ec64f949fac0c05bf693,
        type: 3}
      propertyPath: m_LocalScale.z
      value: 3.1359
      objectReference: {fileID: 0}
    - target: {fileID: 3705028537381535112, guid: 78df1db2fbc8ec64f949fac0c05bf693,
        type: 3}
      propertyPath: m_LocalPosition.x
      value: -4.165
      objectReference: {fileID: 0}
    - target: {fileID: 3705028537381535112, guid: 78df1db2fbc8ec64f949fac0c05bf693,
        type: 3}
      propertyPath: m_LocalPosition.y
      value: 0.3860761
      objectReference: {fileID: 0}
    - target: {fileID: 3705028537381535112, guid: 78df1db2fbc8ec64f949fac0c05bf693,
        type: 3}
      propertyPath: m_LocalPosition.z
      value: 0.568
      objectReference: {fileID: 0}
    - target: {fileID: 3705028537381535112, guid: 78df1db2fbc8ec64f949fac0c05bf693,
        type: 3}
      propertyPath: m_LocalRotation.w
      value: 0.704927
      objectReference: {fileID: 0}
    - target: {fileID: 3705028537381535112, guid: 78df1db2fbc8ec64f949fac0c05bf693,
        type: 3}
      propertyPath: m_LocalRotation.x
      value: 0.055478975
      objectReference: {fileID: 0}
    - target: {fileID: 3705028537381535112, guid: 78df1db2fbc8ec64f949fac0c05bf693,
        type: 3}
      propertyPath: m_LocalRotation.y
      value: 0.055478975
      objectReference: {fileID: 0}
    - target: {fileID: 3705028537381535112, guid: 78df1db2fbc8ec64f949fac0c05bf693,
        type: 3}
      propertyPath: m_LocalRotation.z
      value: 0.704927
      objectReference: {fileID: 0}
    - target: {fileID: 3705028537381535112, guid: 78df1db2fbc8ec64f949fac0c05bf693,
        type: 3}
      propertyPath: m_LocalEulerAnglesHint.x
      value: 0
      objectReference: {fileID: 0}
    - target: {fileID: 3705028537381535112, guid: 78df1db2fbc8ec64f949fac0c05bf693,
        type: 3}
      propertyPath: m_LocalEulerAnglesHint.y
      value: 9
      objectReference: {fileID: 0}
    - target: {fileID: 3705028537381535112, guid: 78df1db2fbc8ec64f949fac0c05bf693,
        type: 3}
      propertyPath: m_LocalEulerAnglesHint.z
      value: 90
      objectReference: {fileID: 0}
    m_RemovedComponents:
    - {fileID: 4097195505043946274, guid: 78df1db2fbc8ec64f949fac0c05bf693, type: 3}
  m_SourcePrefab: {fileID: 100100000, guid: 78df1db2fbc8ec64f949fac0c05bf693, type: 3}
--- !u!4 &2795568596560816900 stripped
Transform:
  m_CorrespondingSourceObject: {fileID: 3705028537381535112, guid: 78df1db2fbc8ec64f949fac0c05bf693,
    type: 3}
  m_PrefabInstance: {fileID: 1558594019115734668}
  m_PrefabAsset: {fileID: 0}
--- !u!1001 &1558594020139726676
PrefabInstance:
  m_ObjectHideFlags: 0
  serializedVersion: 2
  m_Modification:
    m_TransformParent: {fileID: 1558594020311513008}
    m_Modifications:
    - target: {fileID: 3627470524166771038, guid: 67cd763144276e5479fa0d436a4d46cb,
        type: 3}
      propertyPath: m_RootOrder
      value: 4
      objectReference: {fileID: 0}
    - target: {fileID: 3627470524166771038, guid: 67cd763144276e5479fa0d436a4d46cb,
        type: 3}
      propertyPath: m_LocalScale.x
      value: 0.041894
      objectReference: {fileID: 0}
    - target: {fileID: 3627470524166771038, guid: 67cd763144276e5479fa0d436a4d46cb,
        type: 3}
      propertyPath: m_LocalScale.y
      value: 0.041894022
      objectReference: {fileID: 0}
    - target: {fileID: 3627470524166771038, guid: 67cd763144276e5479fa0d436a4d46cb,
        type: 3}
      propertyPath: m_LocalScale.z
      value: 0.04189401
      objectReference: {fileID: 0}
    - target: {fileID: 3627470524166771038, guid: 67cd763144276e5479fa0d436a4d46cb,
        type: 3}
      propertyPath: m_LocalPosition.x
      value: -4.474
      objectReference: {fileID: 0}
    - target: {fileID: 3627470524166771038, guid: 67cd763144276e5479fa0d436a4d46cb,
        type: 3}
      propertyPath: m_LocalPosition.y
      value: 0.18000005
      objectReference: {fileID: 0}
    - target: {fileID: 3627470524166771038, guid: 67cd763144276e5479fa0d436a4d46cb,
        type: 3}
      propertyPath: m_LocalPosition.z
      value: 0.59400004
      objectReference: {fileID: 0}
    - target: {fileID: 3627470524166771038, guid: 67cd763144276e5479fa0d436a4d46cb,
        type: 3}
      propertyPath: m_LocalRotation.w
      value: -0.06744807
      objectReference: {fileID: 0}
    - target: {fileID: 3627470524166771038, guid: 67cd763144276e5479fa0d436a4d46cb,
        type: 3}
      propertyPath: m_LocalRotation.x
      value: 0.04008233
      objectReference: {fileID: 0}
    - target: {fileID: 3627470524166771038, guid: 67cd763144276e5479fa0d436a4d46cb,
        type: 3}
      propertyPath: m_LocalRotation.y
      value: 0.8570086
      objectReference: {fileID: 0}
    - target: {fileID: 3627470524166771038, guid: 67cd763144276e5479fa0d436a4d46cb,
        type: 3}
      propertyPath: m_LocalRotation.z
      value: 0.5092942
      objectReference: {fileID: 0}
    - target: {fileID: 3627470524166771038, guid: 67cd763144276e5479fa0d436a4d46cb,
        type: 3}
      propertyPath: m_LocalEulerAnglesHint.x
      value: -61.443
      objectReference: {fileID: 0}
    - target: {fileID: 3627470524166771038, guid: 67cd763144276e5479fa0d436a4d46cb,
        type: 3}
      propertyPath: m_LocalEulerAnglesHint.y
      value: 189
      objectReference: {fileID: 0}
    - target: {fileID: 3627470524166771038, guid: 67cd763144276e5479fa0d436a4d46cb,
        type: 3}
      propertyPath: m_LocalEulerAnglesHint.z
      value: 0
      objectReference: {fileID: 0}
    - target: {fileID: 4115319827925126116, guid: 67cd763144276e5479fa0d436a4d46cb,
        type: 3}
      propertyPath: m_Name
      value: RedGhost
      objectReference: {fileID: 0}
    m_RemovedComponents: []
  m_SourcePrefab: {fileID: 100100000, guid: 67cd763144276e5479fa0d436a4d46cb, type: 3}
--- !u!4 &2879594805876286986 stripped
Transform:
  m_CorrespondingSourceObject: {fileID: 3627470524166771038, guid: 67cd763144276e5479fa0d436a4d46cb,
    type: 3}
  m_PrefabInstance: {fileID: 1558594020139726676}
  m_PrefabAsset: {fileID: 0}
--- !u!1 &3223927060248444080 stripped
GameObject:
  m_CorrespondingSourceObject: {fileID: 4115319827925126116, guid: 67cd763144276e5479fa0d436a4d46cb,
    type: 3}
  m_PrefabInstance: {fileID: 1558594020139726676}
  m_PrefabAsset: {fileID: 0}
--- !u!135 &1558594020311220053
SphereCollider:
  m_ObjectHideFlags: 0
  m_CorrespondingSourceObject: {fileID: 0}
  m_PrefabInstance: {fileID: 0}
  m_PrefabAsset: {fileID: 0}
  m_GameObject: {fileID: 3223927060248444080}
  m_Material: {fileID: 0}
  m_IsTrigger: 1
  m_Enabled: 1
  serializedVersion: 2
  m_Radius: 3.27
  m_Center: {x: 0, y: 0, z: 0}
--- !u!1001 &1558594020209595571
PrefabInstance:
  m_ObjectHideFlags: 0
  serializedVersion: 2
  m_Modification:
    m_TransformParent: {fileID: 1558594020311513008}
    m_Modifications:
    - target: {fileID: 2367148715309480598, guid: 8ff9dc1c788f443499b6d621364ffb35,
        type: 3}
      propertyPath: m_IsTrigger
      value: 1
      objectReference: {fileID: 0}
    - target: {fileID: 2367148715343462283, guid: 8ff9dc1c788f443499b6d621364ffb35,
        type: 3}
      propertyPath: m_IsTrigger
      value: 1
      objectReference: {fileID: 0}
    - target: {fileID: 2367148715431556335, guid: 8ff9dc1c788f443499b6d621364ffb35,
        type: 3}
      propertyPath: m_IsTrigger
      value: 1
      objectReference: {fileID: 0}
    - target: {fileID: 2367148715491981611, guid: 8ff9dc1c788f443499b6d621364ffb35,
        type: 3}
      propertyPath: m_IsTrigger
      value: 1
      objectReference: {fileID: 0}
    - target: {fileID: 2367148715491981612, guid: 8ff9dc1c788f443499b6d621364ffb35,
        type: 3}
      propertyPath: m_RootOrder
      value: 1
      objectReference: {fileID: 0}
    - target: {fileID: 2367148715491981612, guid: 8ff9dc1c788f443499b6d621364ffb35,
        type: 3}
      propertyPath: m_LocalScale.x
      value: 0.15031736
      objectReference: {fileID: 0}
    - target: {fileID: 2367148715491981612, guid: 8ff9dc1c788f443499b6d621364ffb35,
        type: 3}
      propertyPath: m_LocalScale.y
      value: 0.11915425
      objectReference: {fileID: 0}
    - target: {fileID: 2367148715491981612, guid: 8ff9dc1c788f443499b6d621364ffb35,
        type: 3}
      propertyPath: m_LocalScale.z
      value: 0.13364746
      objectReference: {fileID: 0}
    - target: {fileID: 2367148715491981612, guid: 8ff9dc1c788f443499b6d621364ffb35,
        type: 3}
      propertyPath: m_LocalPosition.x
      value: -2.5460005
      objectReference: {fileID: 0}
    - target: {fileID: 2367148715491981612, guid: 8ff9dc1c788f443499b6d621364ffb35,
        type: 3}
      propertyPath: m_LocalPosition.y
      value: 1.9848369
      objectReference: {fileID: 0}
    - target: {fileID: 2367148715491981612, guid: 8ff9dc1c788f443499b6d621364ffb35,
        type: 3}
      propertyPath: m_LocalPosition.z
      value: 2.025
      objectReference: {fileID: 0}
    - target: {fileID: 2367148715491981612, guid: 8ff9dc1c788f443499b6d621364ffb35,
        type: 3}
      propertyPath: m_LocalRotation.w
      value: 0.5940765
      objectReference: {fileID: 0}
    - target: {fileID: 2367148715491981612, guid: 8ff9dc1c788f443499b6d621364ffb35,
        type: 3}
      propertyPath: m_LocalRotation.x
      value: -0.38350126
      objectReference: {fileID: 0}
    - target: {fileID: 2367148715491981612, guid: 8ff9dc1c788f443499b6d621364ffb35,
        type: 3}
      propertyPath: m_LocalRotation.y
      value: -0.59407645
      objectReference: {fileID: 0}
    - target: {fileID: 2367148715491981612, guid: 8ff9dc1c788f443499b6d621364ffb35,
        type: 3}
      propertyPath: m_LocalRotation.z
      value: 0.38350117
      objectReference: {fileID: 0}
    - target: {fileID: 2367148715491981612, guid: 8ff9dc1c788f443499b6d621364ffb35,
        type: 3}
      propertyPath: m_LocalEulerAnglesHint.x
      value: 0
      objectReference: {fileID: 0}
    - target: {fileID: 2367148715491981612, guid: 8ff9dc1c788f443499b6d621364ffb35,
        type: 3}
      propertyPath: m_LocalEulerAnglesHint.y
      value: -90
      objectReference: {fileID: 0}
    - target: {fileID: 2367148715491981612, guid: 8ff9dc1c788f443499b6d621364ffb35,
        type: 3}
      propertyPath: m_LocalEulerAnglesHint.z
      value: 65.688
      objectReference: {fileID: 0}
    - target: {fileID: 2367148715491981613, guid: 8ff9dc1c788f443499b6d621364ffb35,
        type: 3}
      propertyPath: m_Name
      value: HousePicked
      objectReference: {fileID: 0}
    - target: {fileID: 2367148715501873675, guid: 8ff9dc1c788f443499b6d621364ffb35,
        type: 3}
      propertyPath: m_IsTrigger
      value: 1
      objectReference: {fileID: 0}
    - target: {fileID: 2367148715910941398, guid: 8ff9dc1c788f443499b6d621364ffb35,
        type: 3}
      propertyPath: m_IsTrigger
      value: 1
      objectReference: {fileID: 0}
    - target: {fileID: 2367148715913368167, guid: 8ff9dc1c788f443499b6d621364ffb35,
        type: 3}
      propertyPath: m_IsTrigger
      value: 1
      objectReference: {fileID: 0}
    - target: {fileID: 2367148716005514043, guid: 8ff9dc1c788f443499b6d621364ffb35,
        type: 3}
      propertyPath: m_IsTrigger
      value: 1
      objectReference: {fileID: 0}
    - target: {fileID: 2367148716059493136, guid: 8ff9dc1c788f443499b6d621364ffb35,
        type: 3}
      propertyPath: m_IsTrigger
      value: 1
      objectReference: {fileID: 0}
    - target: {fileID: 2367148716137707676, guid: 8ff9dc1c788f443499b6d621364ffb35,
        type: 3}
      propertyPath: m_IsTrigger
      value: 1
      objectReference: {fileID: 0}
    - target: {fileID: 2367148716350615821, guid: 8ff9dc1c788f443499b6d621364ffb35,
        type: 3}
      propertyPath: m_Mesh
      value: 
      objectReference: {fileID: 0}
    - target: {fileID: 2367148716350615821, guid: 8ff9dc1c788f443499b6d621364ffb35,
        type: 3}
      propertyPath: m_VersionIndex
      value: 2614
      objectReference: {fileID: 0}
    - target: {fileID: 2367148716350615824, guid: 8ff9dc1c788f443499b6d621364ffb35,
        type: 3}
      propertyPath: m_Mesh
      value: 
      objectReference: {fileID: 0}
    - target: {fileID: 2367148716350615825, guid: 8ff9dc1c788f443499b6d621364ffb35,
        type: 3}
      propertyPath: m_Mesh
      value: 
      objectReference: {fileID: 0}
    - target: {fileID: 2367148716432712573, guid: 8ff9dc1c788f443499b6d621364ffb35,
        type: 3}
      propertyPath: m_IsTrigger
      value: 1
      objectReference: {fileID: 0}
    - target: {fileID: 2367148716638030600, guid: 8ff9dc1c788f443499b6d621364ffb35,
        type: 3}
      propertyPath: m_IsTrigger
      value: 1
      objectReference: {fileID: 0}
    - target: {fileID: 2367148716740275967, guid: 8ff9dc1c788f443499b6d621364ffb35,
        type: 3}
      propertyPath: m_IsTrigger
      value: 1
      objectReference: {fileID: 0}
    - target: {fileID: 2367148716972194168, guid: 8ff9dc1c788f443499b6d621364ffb35,
        type: 3}
      propertyPath: m_IsTrigger
      value: 1
      objectReference: {fileID: 0}
    - target: {fileID: 2367148716988949953, guid: 8ff9dc1c788f443499b6d621364ffb35,
        type: 3}
      propertyPath: m_IsTrigger
      value: 1
      objectReference: {fileID: 0}
    - target: {fileID: 2367148717014875077, guid: 8ff9dc1c788f443499b6d621364ffb35,
        type: 3}
      propertyPath: m_IsTrigger
      value: 1
      objectReference: {fileID: 0}
    - target: {fileID: 2367148717054021419, guid: 8ff9dc1c788f443499b6d621364ffb35,
        type: 3}
      propertyPath: m_IsTrigger
      value: 1
      objectReference: {fileID: 0}
    - target: {fileID: 2367148717055416032, guid: 8ff9dc1c788f443499b6d621364ffb35,
        type: 3}
      propertyPath: m_IsTrigger
      value: 1
      objectReference: {fileID: 0}
    - target: {fileID: 2367148717170519185, guid: 8ff9dc1c788f443499b6d621364ffb35,
        type: 3}
      propertyPath: m_IsTrigger
      value: 1
      objectReference: {fileID: 0}
    - target: {fileID: 2367148717248232165, guid: 8ff9dc1c788f443499b6d621364ffb35,
        type: 3}
      propertyPath: m_Mesh
      value: 
      objectReference: {fileID: 0}
    - target: {fileID: 2367148717248232165, guid: 8ff9dc1c788f443499b6d621364ffb35,
        type: 3}
      propertyPath: m_VersionIndex
      value: 2608
      objectReference: {fileID: 0}
    - target: {fileID: 2367148717248232168, guid: 8ff9dc1c788f443499b6d621364ffb35,
        type: 3}
      propertyPath: m_Mesh
      value: 
      objectReference: {fileID: 0}
    - target: {fileID: 2367148717248232169, guid: 8ff9dc1c788f443499b6d621364ffb35,
        type: 3}
      propertyPath: m_Mesh
      value: 
      objectReference: {fileID: 0}
    - target: {fileID: 2367148717274601926, guid: 8ff9dc1c788f443499b6d621364ffb35,
        type: 3}
      propertyPath: m_IsTrigger
      value: 1
      objectReference: {fileID: 0}
    - target: {fileID: 2367148717277508453, guid: 8ff9dc1c788f443499b6d621364ffb35,
        type: 3}
      propertyPath: m_IsTrigger
      value: 1
      objectReference: {fileID: 0}
    - target: {fileID: 8469695093276919311, guid: 8ff9dc1c788f443499b6d621364ffb35,
        type: 3}
      propertyPath: m_Convex
      value: 0
      objectReference: {fileID: 0}
    m_RemovedComponents:
    - {fileID: 2367148717248232169, guid: 8ff9dc1c788f443499b6d621364ffb35, type: 3}
    - {fileID: 2367148716350615825, guid: 8ff9dc1c788f443499b6d621364ffb35, type: 3}
  m_SourcePrefab: {fileID: 100100000, guid: 8ff9dc1c788f443499b6d621364ffb35, type: 3}
--- !u!4 &3853093604101713311 stripped
Transform:
  m_CorrespondingSourceObject: {fileID: 2367148715491981612, guid: 8ff9dc1c788f443499b6d621364ffb35,
    type: 3}
  m_PrefabInstance: {fileID: 1558594020209595571}
  m_PrefabAsset: {fileID: 0}
--- !u!1001 &1558594020329162420
PrefabInstance:
  m_ObjectHideFlags: 0
  serializedVersion: 2
  m_Modification:
    m_TransformParent: {fileID: 1558594020311513008}
    m_Modifications:
    - target: {fileID: 232720512213485166, guid: a9961e4a84593764590549d29a2695a5,
        type: 3}
      propertyPath: m_Name
      value: GhostPicked
      objectReference: {fileID: 0}
    - target: {fileID: 608296829039074516, guid: a9961e4a84593764590549d29a2695a5,
        type: 3}
      propertyPath: m_RootOrder
      value: 2
      objectReference: {fileID: 0}
    - target: {fileID: 608296829039074516, guid: a9961e4a84593764590549d29a2695a5,
        type: 3}
      propertyPath: m_LocalScale.x
      value: 0.04189402
      objectReference: {fileID: 0}
    - target: {fileID: 608296829039074516, guid: a9961e4a84593764590549d29a2695a5,
        type: 3}
      propertyPath: m_LocalScale.y
      value: 0.04189402
      objectReference: {fileID: 0}
    - target: {fileID: 608296829039074516, guid: a9961e4a84593764590549d29a2695a5,
        type: 3}
      propertyPath: m_LocalScale.z
      value: 0.04189401
      objectReference: {fileID: 0}
    - target: {fileID: 608296829039074516, guid: a9961e4a84593764590549d29a2695a5,
        type: 3}
      propertyPath: m_LocalPosition.x
      value: -4.2570004
      objectReference: {fileID: 0}
    - target: {fileID: 608296829039074516, guid: a9961e4a84593764590549d29a2695a5,
        type: 3}
      propertyPath: m_LocalPosition.y
      value: 0.24600005
      objectReference: {fileID: 0}
    - target: {fileID: 608296829039074516, guid: a9961e4a84593764590549d29a2695a5,
        type: 3}
      propertyPath: m_LocalPosition.z
      value: 0.60599935
      objectReference: {fileID: 0}
    - target: {fileID: 608296829039074516, guid: a9961e4a84593764590549d29a2695a5,
        type: 3}
      propertyPath: m_LocalRotation.w
      value: -0.12162406
      objectReference: {fileID: 0}
    - target: {fileID: 608296829039074516, guid: a9961e4a84593764590549d29a2695a5,
        type: 3}
      propertyPath: m_LocalRotation.x
      value: 0.14402966
      objectReference: {fileID: 0}
    - target: {fileID: 608296829039074516, guid: a9961e4a84593764590549d29a2695a5,
        type: 3}
      propertyPath: m_LocalRotation.y
      value: -0.7830709
      objectReference: {fileID: 0}
    - target: {fileID: 608296829039074516, guid: a9961e4a84593764590549d29a2695a5,
        type: 3}
      propertyPath: m_LocalRotation.z
      value: -0.5926745
      objectReference: {fileID: 0}
    - target: {fileID: 608296829039074516, guid: a9961e4a84593764590549d29a2695a5,
        type: 3}
      propertyPath: m_LocalEulerAnglesHint.x
      value: -74.418
      objectReference: {fileID: 0}
    - target: {fileID: 608296829039074516, guid: a9961e4a84593764590549d29a2695a5,
        type: 3}
      propertyPath: m_LocalEulerAnglesHint.y
      value: -184.218
      objectReference: {fileID: 0}
    - target: {fileID: 608296829039074516, guid: a9961e4a84593764590549d29a2695a5,
        type: 3}
      propertyPath: m_LocalEulerAnglesHint.z
      value: -17.641
      objectReference: {fileID: 0}
    m_RemovedComponents: []
  m_SourcePrefab: {fileID: 100100000, guid: a9961e4a84593764590549d29a2695a5, type: 3}
--- !u!4 &2148260722710829664 stripped
Transform:
  m_CorrespondingSourceObject: {fileID: 608296829039074516, guid: a9961e4a84593764590549d29a2695a5,
    type: 3}
  m_PrefabInstance: {fileID: 1558594020329162420}
  m_PrefabAsset: {fileID: 0}
