%YAML 1.1
%TAG !u! tag:unity3d.com,2011:
--- !u!1 &2440010030301894463
GameObject:
  m_ObjectHideFlags: 0
  m_CorrespondingSourceObject: {fileID: 0}
  m_PrefabInstance: {fileID: 0}
  m_PrefabAsset: {fileID: 0}
  serializedVersion: 6
  m_Component:
  - component: {fileID: 2438582269443411205}
  - component: {fileID: 2423207204258725491}
  - component: {fileID: 2417482064350266353}
  - component: {fileID: 2391750356739369521}
  m_Layer: 11
  m_Name: 2x2 1
  m_TagString: Untagged
  m_Icon: {fileID: 0}
  m_NavMeshLayer: 0
  m_StaticEditorFlags: 0
  m_IsActive: 1
--- !u!4 &2438582269443411205
Transform:
  m_ObjectHideFlags: 0
  m_CorrespondingSourceObject: {fileID: 0}
  m_PrefabInstance: {fileID: 0}
  m_PrefabAsset: {fileID: 0}
  m_GameObject: {fileID: 2440010030301894463}
  m_LocalRotation: {x: -0, y: -0, z: -0, w: 1}
  m_LocalPosition: {x: 10.51, y: 2.01, z: 8.56}
  m_LocalScale: {x: 1.5303, y: 1.5303, z: 1.5303}
  m_ConstrainProportionsScale: 0
  m_Children:
  - {fileID: 6095100412729274441}
  - {fileID: 3372008739984244613}
  m_Father: {fileID: 0}
  m_RootOrder: 0
  m_LocalEulerAnglesHint: {x: 0, y: 0, z: 0}
--- !u!33 &2423207204258725491
MeshFilter:
  m_ObjectHideFlags: 0
  m_CorrespondingSourceObject: {fileID: 0}
  m_PrefabInstance: {fileID: 0}
  m_PrefabAsset: {fileID: 0}
  m_GameObject: {fileID: 2440010030301894463}
  m_Mesh: {fileID: 4300002, guid: 51beead54837323409a541241045e1cf, type: 3}
--- !u!23 &2417482064350266353
MeshRenderer:
  m_ObjectHideFlags: 0
  m_CorrespondingSourceObject: {fileID: 0}
  m_PrefabInstance: {fileID: 0}
  m_PrefabAsset: {fileID: 0}
  m_GameObject: {fileID: 2440010030301894463}
  m_Enabled: 1
  m_CastShadows: 1
  m_ReceiveShadows: 1
  m_DynamicOccludee: 1
  m_StaticShadowCaster: 0
  m_MotionVectors: 1
  m_LightProbeUsage: 1
  m_ReflectionProbeUsage: 1
  m_RayTracingMode: 2
  m_RayTraceProcedural: 0
  m_RenderingLayerMask: 4294967295
  m_RendererPriority: 0
  m_Materials:
  - {fileID: 2100000, guid: 24481e37f341652429c652e75c5a74df, type: 2}
  m_StaticBatchInfo:
    firstSubMesh: 0
    subMeshCount: 0
  m_StaticBatchRoot: {fileID: 0}
  m_ProbeAnchor: {fileID: 0}
  m_LightProbeVolumeOverride: {fileID: 0}
  m_ScaleInLightmap: 1
  m_ReceiveGI: 1
  m_PreserveUVs: 0
  m_IgnoreNormalsForChartDetection: 0
  m_ImportantGI: 0
  m_StitchLightmapSeams: 0
  m_SelectedEditorRenderState: 3
  m_MinimumChartSize: 4
  m_AutoUVMaxDistance: 0.5
  m_AutoUVMaxAngle: 89
  m_LightmapParameters: {fileID: 0}
  m_SortingLayerID: 0
  m_SortingLayer: 0
  m_SortingOrder: 0
  m_AdditionalVertexStreams: {fileID: 0}
--- !u!65 &2391750356739369521
BoxCollider:
  m_ObjectHideFlags: 0
  m_CorrespondingSourceObject: {fileID: 0}
  m_PrefabInstance: {fileID: 0}
  m_PrefabAsset: {fileID: 0}
  m_GameObject: {fileID: 2440010030301894463}
  m_Material: {fileID: 0}
  m_IsTrigger: 0
  m_Enabled: 1
  serializedVersion: 2
  m_Size: {x: 1.6000016, y: 1.13, z: 1.6000001}
  m_Center: {x: 0.4, y: -0.39499998, z: -0.4}
--- !u!1001 &3369880763427752539
PrefabInstance:
  m_ObjectHideFlags: 0
  serializedVersion: 2
  m_Modification:
    m_TransformParent: {fileID: 2438582269443411205}
    m_Modifications:
    - target: {fileID: 1351510193090532, guid: b35372d3092b53c4b8570879c6be8cae, type: 3}
      propertyPath: m_Name
      value: 2x2 (2)
      objectReference: {fileID: 0}
    - target: {fileID: 4486722449405406, guid: b35372d3092b53c4b8570879c6be8cae, type: 3}
      propertyPath: m_RootOrder
      value: 1
      objectReference: {fileID: 0}
    - target: {fileID: 4486722449405406, guid: b35372d3092b53c4b8570879c6be8cae, type: 3}
      propertyPath: m_LocalScale.x
      value: 1
      objectReference: {fileID: 0}
    - target: {fileID: 4486722449405406, guid: b35372d3092b53c4b8570879c6be8cae, type: 3}
      propertyPath: m_LocalScale.y
      value: 1
      objectReference: {fileID: 0}
    - target: {fileID: 4486722449405406, guid: b35372d3092b53c4b8570879c6be8cae, type: 3}
      propertyPath: m_LocalScale.z
      value: 1
      objectReference: {fileID: 0}
    - target: {fileID: 4486722449405406, guid: b35372d3092b53c4b8570879c6be8cae, type: 3}
      propertyPath: m_LocalPosition.x
      value: 0
      objectReference: {fileID: 0}
    - target: {fileID: 4486722449405406, guid: b35372d3092b53c4b8570879c6be8cae, type: 3}
      propertyPath: m_LocalPosition.y
      value: 1.905
      objectReference: {fileID: 0}
    - target: {fileID: 4486722449405406, guid: b35372d3092b53c4b8570879c6be8cae, type: 3}
      propertyPath: m_LocalPosition.z
      value: 0
      objectReference: {fileID: 0}
    - target: {fileID: 4486722449405406, guid: b35372d3092b53c4b8570879c6be8cae, type: 3}
      propertyPath: m_LocalRotation.w
      value: 1
      objectReference: {fileID: 0}
    - target: {fileID: 4486722449405406, guid: b35372d3092b53c4b8570879c6be8cae, type: 3}
      propertyPath: m_LocalRotation.x
      value: -0
      objectReference: {fileID: 0}
    - target: {fileID: 4486722449405406, guid: b35372d3092b53c4b8570879c6be8cae, type: 3}
      propertyPath: m_LocalRotation.y
      value: -0
      objectReference: {fileID: 0}
    - target: {fileID: 4486722449405406, guid: b35372d3092b53c4b8570879c6be8cae, type: 3}
      propertyPath: m_LocalRotation.z
      value: -0
      objectReference: {fileID: 0}
    - target: {fileID: 4486722449405406, guid: b35372d3092b53c4b8570879c6be8cae, type: 3}
      propertyPath: m_LocalEulerAnglesHint.x
      value: 0
      objectReference: {fileID: 0}
    - target: {fileID: 4486722449405406, guid: b35372d3092b53c4b8570879c6be8cae, type: 3}
      propertyPath: m_LocalEulerAnglesHint.y
      value: 0
      objectReference: {fileID: 0}
    - target: {fileID: 4486722449405406, guid: b35372d3092b53c4b8570879c6be8cae, type: 3}
      propertyPath: m_LocalEulerAnglesHint.z
      value: 0
      objectReference: {fileID: 0}
    - target: {fileID: 23918913591524138, guid: b35372d3092b53c4b8570879c6be8cae,
        type: 3}
      propertyPath: m_Materials.Array.data[0]
      value: 
      objectReference: {fileID: 2100000, guid: 8fc757e55610caa4a9c5386d4d4589f9, type: 2}
    m_RemovedComponents:
    - {fileID: 54426744123807618, guid: b35372d3092b53c4b8570879c6be8cae, type: 3}
    - {fileID: 114955077975512924, guid: b35372d3092b53c4b8570879c6be8cae, type: 3}
  m_SourcePrefab: {fileID: 100100000, guid: b35372d3092b53c4b8570879c6be8cae, type: 3}
--- !u!4 &3372008739984244613 stripped
Transform:
  m_CorrespondingSourceObject: {fileID: 4486722449405406, guid: b35372d3092b53c4b8570879c6be8cae,
    type: 3}
  m_PrefabInstance: {fileID: 3369880763427752539}
  m_PrefabAsset: {fileID: 0}
--- !u!1001 &6096137965289719191
PrefabInstance:
  m_ObjectHideFlags: 0
  serializedVersion: 2
  m_Modification:
    m_TransformParent: {fileID: 2438582269443411205}
    m_Modifications:
    - target: {fileID: 1351510193090532, guid: b35372d3092b53c4b8570879c6be8cae, type: 3}
      propertyPath: m_Name
      value: 2x2 (1)
      objectReference: {fileID: 0}
    - target: {fileID: 4486722449405406, guid: b35372d3092b53c4b8570879c6be8cae, type: 3}
      propertyPath: m_RootOrder
      value: 0
      objectReference: {fileID: 0}
    - target: {fileID: 4486722449405406, guid: b35372d3092b53c4b8570879c6be8cae, type: 3}
      propertyPath: m_LocalScale.x
      value: 1
      objectReference: {fileID: 0}
    - target: {fileID: 4486722449405406, guid: b35372d3092b53c4b8570879c6be8cae, type: 3}
      propertyPath: m_LocalScale.y
      value: 1
      objectReference: {fileID: 0}
    - target: {fileID: 4486722449405406, guid: b35372d3092b53c4b8570879c6be8cae, type: 3}
      propertyPath: m_LocalScale.z
      value: 1
      objectReference: {fileID: 0}
    - target: {fileID: 4486722449405406, guid: b35372d3092b53c4b8570879c6be8cae, type: 3}
      propertyPath: m_LocalPosition.x
      value: 0
      objectReference: {fileID: 0}
    - target: {fileID: 4486722449405406, guid: b35372d3092b53c4b8570879c6be8cae, type: 3}
      propertyPath: m_LocalPosition.y
      value: 0.95798206
      objectReference: {fileID: 0}
    - target: {fileID: 4486722449405406, guid: b35372d3092b53c4b8570879c6be8cae, type: 3}
      propertyPath: m_LocalPosition.z
      value: 0
      objectReference: {fileID: 0}
    - target: {fileID: 4486722449405406, guid: b35372d3092b53c4b8570879c6be8cae, type: 3}
      propertyPath: m_LocalRotation.w
      value: 1
      objectReference: {fileID: 0}
    - target: {fileID: 4486722449405406, guid: b35372d3092b53c4b8570879c6be8cae, type: 3}
      propertyPath: m_LocalRotation.x
      value: -0
      objectReference: {fileID: 0}
    - target: {fileID: 4486722449405406, guid: b35372d3092b53c4b8570879c6be8cae, type: 3}
      propertyPath: m_LocalRotation.y
      value: -0
      objectReference: {fileID: 0}
    - target: {fileID: 4486722449405406, guid: b35372d3092b53c4b8570879c6be8cae, type: 3}
      propertyPath: m_LocalRotation.z
      value: -0
      objectReference: {fileID: 0}
    - target: {fileID: 4486722449405406, guid: b35372d3092b53c4b8570879c6be8cae, type: 3}
      propertyPath: m_LocalEulerAnglesHint.x
      value: 0
      objectReference: {fileID: 0}
    - target: {fileID: 4486722449405406, guid: b35372d3092b53c4b8570879c6be8cae, type: 3}
      propertyPath: m_LocalEulerAnglesHint.y
      value: 0
      objectReference: {fileID: 0}
    - target: {fileID: 4486722449405406, guid: b35372d3092b53c4b8570879c6be8cae, type: 3}
      propertyPath: m_LocalEulerAnglesHint.z
      value: 0
      objectReference: {fileID: 0}
    - target: {fileID: 23918913591524138, guid: b35372d3092b53c4b8570879c6be8cae,
        type: 3}
      propertyPath: m_Materials.Array.data[0]
      value: 
      objectReference: {fileID: 2100000, guid: a62b6ff6fa150da49af81ab5a3b9c7b3, type: 2}
    m_RemovedComponents:
    - {fileID: 54426744123807618, guid: b35372d3092b53c4b8570879c6be8cae, type: 3}
    - {fileID: 114955077975512924, guid: b35372d3092b53c4b8570879c6be8cae, type: 3}
  m_SourcePrefab: {fileID: 100100000, guid: b35372d3092b53c4b8570879c6be8cae, type: 3}
--- !u!4 &6095100412729274441 stripped
Transform:
  m_CorrespondingSourceObject: {fileID: 4486722449405406, guid: b35372d3092b53c4b8570879c6be8cae,
    type: 3}
  m_PrefabInstance: {fileID: 6096137965289719191}
  m_PrefabAsset: {fileID: 0}
